
    <zs:record>
      <zs:recordSchema/>
      <zs:recordPacking>xml</zs:recordPacking>
      <zs:recordData>
        <record xmlns="http://www.loc.gov/MARC21/slim">
          <leader>01902cam a22003735a 4500</leader>
          <controlfield tag="001">22973858</controlfield>
          <controlfield tag="005">20230301180541.0</controlfield>
          <controlfield tag="008">230215r20161971enk           000 1 eng  </controlfield>
          <datafield tag="906" ind1=" " ind2=" ">
            <subfield code="a">0</subfield>
            <subfield code="b">ibc</subfield>
            <subfield code="c">copycat</subfield>
            <subfield code="d">2</subfield>
            <subfield code="e">ncip</subfield>
            <subfield code="f">20</subfield>
            <subfield code="g">y-gencatlg</subfield>
          </datafield>
          <datafield tag="925" ind1="0" ind2=" ">
            <subfield code="a">acquire</subfield>
            <subfield code="b">1 shelf copy</subfield>
            <subfield code="x">policy default</subfield>
          </datafield>
          <datafield tag="955" ind1=" " ind2=" ">
            <subfield code="b">xn18 2023-02-15 z-processor to USPRLL</subfield>
            <subfield code="a">xk25 2023-03-01 to NAR shelf</subfield>
            <subfield code="a">xk25 2023-03-01 to lit copycat</subfield>
          </datafield>
          <datafield tag="010" ind1=" " ind2=" ">
            <subfield code="a">  2023285118</subfield>
          </datafield>
          <datafield tag="020" ind1=" " ind2=" ">
            <subfield code="a">9781844083213</subfield>
            <subfield code="q">(pbk.)</subfield>
          </datafield>
          <datafield tag="040" ind1=" " ind2=" ">
            <subfield code="a">UOK</subfield>
            <subfield code="b">eng</subfield>
            <subfield code="c">UOK</subfield>
            <subfield code="d">OCLCO</subfield>
            <subfield code="d">OCLCQ</subfield>
            <subfield code="d">OCLCO</subfield>
            <subfield code="d">DLC</subfield>
          </datafield>
          <datafield tag="042" ind1=" " ind2=" ">
            <subfield code="a">lccopycat</subfield>
          </datafield>
          <datafield tag="050" ind1="0" ind2="0">
            <subfield code="a">PR6039.A928</subfield>
          </datafield>
          <datafield tag="082" ind1="0" ind2="4">
            <subfield code="a">823.914</subfield>
            <subfield code="2">23</subfield>
          </datafield>
          <datafield tag="100" ind1="1" ind2=" ">
            <subfield code="a">Taylor, Elizabeth,</subfield>
            <subfield code="d">1912-1975.</subfield>
          </datafield>
          <datafield tag="245" ind1="1" ind2="0">
            <subfield code="a">Mrs Palfrey at the Claremont /</subfield>
            <subfield code="c">Elizabeth Taylor ; introduced by Paul Bailey.</subfield>
          </datafield>
          <datafield tag="260" ind1=" " ind2=" ">
            <subfield code="a">London :</subfield>
            <subfield code="b">Virago,</subfield>
            <subfield code="c">[2016]</subfield>
          </datafield>
          <datafield tag="300" ind1=" " ind2=" ">
            <subfield code="a">xii, 193 pages ;</subfield>
            <subfield code="c">20 cm</subfield>
          </datafield>
          <datafield tag="336" ind1=" " ind2=" ">
            <subfield code="a">text</subfield>
            <subfield code="b">txt</subfield>
            <subfield code="2">rdacontent</subfield>
          </datafield>
          <datafield tag="337" ind1=" " ind2=" ">
            <subfield code="a">unmediated</subfield>
            <subfield code="b">n</subfield>
            <subfield code="2">rdamedia</subfield>
          </datafield>
          <datafield tag="338" ind1=" " ind2=" ">
            <subfield code="a">volume</subfield>
            <subfield code="b">nc</subfield>
            <subfield code="2">rdacarrier</subfield>
          </datafield>
          <datafield tag="490" ind1="1" ind2=" ">
            <subfield code="a">Virago modern classics ;</subfield>
            <subfield code="v">83</subfield>
          </datafield>
          <datafield tag="500" ind1=" " ind2=" ">
            <subfield code="a">Originally published: London : Chatto &amp; Windus, 1971.</subfield>
          </datafield>
          <datafield tag="520" ind1=" " ind2=" ">
            <subfield code="a">"On a rainy Sunday afternoon in January, Mrs. Palfrey, recently widowed, arrives at the Claremont Hotel where she will spend her remaining days. Her fellow residents are a mixed bunch -- magnificently flawed and eccentric -- living off crumbs of affection and an obsessive interest in the relentless round of hotel meals. Togehter, upper lips stiffened, they fight off their twin enemies: boredom and the Grim Reaper. And then one day, Mrs. Palfrey encounters the handsome young writer Ludo, and learns that even old can fall in love"--Page 4 of cover</subfield>
          </datafield>
          <datafield tag="650" ind1=" " ind2="0">
            <subfield code="a">Intergenerational relations</subfield>
            <subfield code="v">Fiction.</subfield>
          </datafield>
          <datafield tag="655" ind1=" " ind2="2">
            <subfield code="a">Fictional Work</subfield>
          </datafield>
          <datafield tag="655" ind1=" " ind2="4">
            <subfield code="a">General fiction.</subfield>
          </datafield>
          <datafield tag="650" ind1=" " ind2="7">
            <subfield code="a">Intergenerational relations.</subfield>
            <subfield code="2">fast</subfield>
            <subfield code="0">(OCoLC)fst00976251</subfield>
          </datafield>
          <datafield tag="655" ind1=" " ind2="7">
            <subfield code="a">Fiction.</subfield>
            <subfield code="2">fast</subfield>
            <subfield code="0">(OCoLC)fst01423787</subfield>
          </datafield>
          <datafield tag="655" ind1=" " ind2="7">
            <subfield code="a">Fiction.</subfield>
            <subfield code="2">lcgft</subfield>
          </datafield>
          <datafield tag="830" ind1=" " ind2="0">
            <subfield code="a">Virago modern classics ;</subfield>
            <subfield code="v">83.</subfield>
          </datafield>
        </record>
      </zs:recordData>
      <zs:recordPosition>111</zs:recordPosition>
    </zs:record>