
    <zs:record>
      <zs:recordSchema/>
      <zs:recordPacking>xml</zs:recordPacking>
      <zs:recordData>
        <record xmlns="http://www.loc.gov/MARC21/slim">
          <leader>02632cam a2200409 i 4500</leader>
          <controlfield tag="001">18325954</controlfield>
          <controlfield tag="005">20200416094251.0</controlfield>
          <controlfield tag="006">m    |o  d |      </controlfield>
          <controlfield tag="007">cr_|||||||||||</controlfield>
          <controlfield tag="008">141006t20151947nyu     o     000 1 eng  </controlfield>
          <datafield tag="906" ind1=" " ind2=" ">
            <subfield code="a">7</subfield>
            <subfield code="b">rix</subfield>
            <subfield code="c">origcop</subfield>
            <subfield code="d">1</subfield>
            <subfield code="e">ecip</subfield>
            <subfield code="f">20</subfield>
            <subfield code="g">y-gencatlg</subfield>
          </datafield>
          <datafield tag="925" ind1="0" ind2=" ">
            <subfield code="a">acquire</subfield>
            <subfield code="e">ecip book</subfield>
            <subfield code="x">policy default</subfield>
          </datafield>
          <datafield tag="955" ind1=" " ind2=" ">
            <subfield code="a">ecip ebook 2014-10-06</subfield>
            <subfield code="f">xd05 2017-06-15 book rec'd</subfield>
          </datafield>
          <datafield tag="010" ind1=" " ind2=" ">
            <subfield code="a">  2014039747</subfield>
          </datafield>
          <datafield tag="020" ind1=" " ind2=" ">
            <subfield code="a">9781590178492 (ebook)</subfield>
          </datafield>
          <datafield tag="020" ind1=" " ind2=" ">
            <subfield code="z">9781590178485 (pbk.)</subfield>
          </datafield>
          <datafield tag="040" ind1=" " ind2=" ">
            <subfield code="a">DLC</subfield>
            <subfield code="b">eng</subfield>
            <subfield code="e">rda</subfield>
            <subfield code="c">DLC</subfield>
            <subfield code="d">DLC</subfield>
          </datafield>
          <datafield tag="042" ind1=" " ind2=" ">
            <subfield code="a">pcc</subfield>
          </datafield>
          <datafield tag="050" ind1="0" ind2="0">
            <subfield code="a">PR6039.A928</subfield>
          </datafield>
          <datafield tag="082" ind1="0" ind2="0">
            <subfield code="a">823/.914</subfield>
            <subfield code="2">23</subfield>
          </datafield>
          <datafield tag="084" ind1=" " ind2=" ">
            <subfield code="a">FIC025000</subfield>
            <subfield code="a">FIC027000</subfield>
            <subfield code="a">FIC019000</subfield>
            <subfield code="2">bisacsh</subfield>
          </datafield>
          <datafield tag="100" ind1="1" ind2=" ">
            <subfield code="a">Taylor, Elizabeth,</subfield>
            <subfield code="d">1912-1975.</subfield>
          </datafield>
          <datafield tag="245" ind1="1" ind2="2">
            <subfield code="a">A view of the harbour /</subfield>
            <subfield code="c">Elizabeth Taylor ; introduction by Roxana Robinson.</subfield>
          </datafield>
          <datafield tag="264" ind1=" " ind2="1">
            <subfield code="a">New York :</subfield>
            <subfield code="b">NYRB Classics,</subfield>
            <subfield code="c">2015.</subfield>
          </datafield>
          <datafield tag="264" ind1=" " ind2="4">
            <subfield code="c">©1947</subfield>
          </datafield>
          <datafield tag="300" ind1=" " ind2=" ">
            <subfield code="a">1 online resource.</subfield>
          </datafield>
          <datafield tag="336" ind1=" " ind2=" ">
            <subfield code="a">text</subfield>
            <subfield code="b">txt</subfield>
            <subfield code="2">rdacontent</subfield>
          </datafield>
          <datafield tag="337" ind1=" " ind2=" ">
            <subfield code="a">computer</subfield>
            <subfield code="b">n</subfield>
            <subfield code="2">rdamedia</subfield>
          </datafield>
          <datafield tag="338" ind1=" " ind2=" ">
            <subfield code="a">online resource</subfield>
            <subfield code="b">nc</subfield>
            <subfield code="2">rdacarrier</subfield>
          </datafield>
          <datafield tag="490" ind1="0" ind2=" ">
            <subfield code="a">New York Review Books Classics</subfield>
          </datafield>
          <datafield tag="520" ind1=" " ind2=" ">
            <subfield code="a">""Are we to go on until we are old, with just these odd moments here and there and danger always so narrowly evaded? Love draining away our vitality, our hold on life, never adding anything to us."     Blindness and betrayal are Elizabeth Taylor's great subjects, and in A View of the Harbour she turns her unsparing gaze on the emotional and sexual politics of a seedy seaside town that's been left behind by modernity. Tory, recently divorced, is having an affair with her neighbor Robert, a doctor, whose wife, Beth, is Tory's best friend. Beth notices nothing--an author of melodramatic novels, she is too busy with them to mind her house or its inhabitants--but her daughter Prudence knows what is up and is appalled. Gossip spreads in the little community, and Taylor's view widens to take in a range of characters from senile, snoopy Mrs. Bracey; to a young, widowed proprietor of the local waxworks, Lily Wilson; to the would-be artist Bertram. Taylor's novel is a beautifully observed and written examination of the fictions around which we construct our lives and manage our losses"--</subfield>
            <subfield code="c">Provided by publisher.</subfield>
          </datafield>
          <datafield tag="588" ind1=" " ind2=" ">
            <subfield code="a">Description based on print version record and CIP data provided by publisher.</subfield>
          </datafield>
          <datafield tag="650" ind1=" " ind2="7">
            <subfield code="a">FICTION / Psychological.</subfield>
            <subfield code="2">bisacsh</subfield>
          </datafield>
          <datafield tag="650" ind1=" " ind2="7">
            <subfield code="a">FICTION / Romance / General.</subfield>
            <subfield code="2">bisacsh</subfield>
          </datafield>
          <datafield tag="650" ind1=" " ind2="7">
            <subfield code="a">FICTION / Literary.</subfield>
            <subfield code="2">bisacsh</subfield>
          </datafield>
          <datafield tag="776" ind1="0" ind2="8">
            <subfield code="i">Print version:</subfield>
            <subfield code="a">Taylor, Elizabeth, 1912-1975.</subfield>
            <subfield code="t">View of the harbour</subfield>
            <subfield code="d">New York : NYRB Classics, 2015</subfield>
            <subfield code="z">9781590178485</subfield>
            <subfield code="w">(DLC)  2014038281</subfield>
          </datafield>
          <datafield tag="856" ind1="4" ind2="0">
            <subfield code="3">Cover image</subfield>
            <subfield code="u">9781590178485.jpg</subfield>
          </datafield>
        </record>
      </zs:recordData>
      <zs:recordPosition>128</zs:recordPosition>
    </zs:record>