
    <zs:record>
      <zs:recordSchema/>
      <zs:recordPacking>xml</zs:recordPacking>
      <zs:recordData>
        <record xmlns="http://www.loc.gov/MARC21/slim">
          <leader>02530cam a2200361 i 4500</leader>
          <controlfield tag="001">18325625</controlfield>
          <controlfield tag="005">20150818144603.0</controlfield>
          <controlfield tag="008">141004t20151947nyu           000 1 eng  </controlfield>
          <datafield tag="906" ind1=" " ind2=" ">
            <subfield code="a">7</subfield>
            <subfield code="b">cbc</subfield>
            <subfield code="c">orignew</subfield>
            <subfield code="d">1</subfield>
            <subfield code="e">ecip</subfield>
            <subfield code="f">20</subfield>
            <subfield code="g">y-gencatlg</subfield>
          </datafield>
          <datafield tag="925" ind1="0" ind2=" ">
            <subfield code="a">acquire</subfield>
            <subfield code="b">1 shelf copy</subfield>
            <subfield code="x">policy default</subfield>
          </datafield>
          <datafield tag="955" ind1=" " ind2=" ">
            <subfield code="b">xk04 2014-10-04</subfield>
            <subfield code="i">xk04 2014-10-04 ONIX to CIP</subfield>
            <subfield code="a">xn11 2015-06-17 1 copy rec'd., to CIP ver.</subfield>
            <subfield code="f">xk02 2015-08-18 to BCCD</subfield>
          </datafield>
          <datafield tag="010" ind1=" " ind2=" ">
            <subfield code="a">  2014038281</subfield>
          </datafield>
          <datafield tag="020" ind1=" " ind2=" ">
            <subfield code="a">9781590178485 (pbk.)</subfield>
          </datafield>
          <datafield tag="040" ind1=" " ind2=" ">
            <subfield code="a">DLC</subfield>
            <subfield code="b">eng</subfield>
            <subfield code="c">DLC</subfield>
            <subfield code="e">rda</subfield>
          </datafield>
          <datafield tag="042" ind1=" " ind2=" ">
            <subfield code="a">pcc</subfield>
          </datafield>
          <datafield tag="050" ind1="0" ind2="0">
            <subfield code="a">PR6039.A928</subfield>
            <subfield code="b">V54 2015</subfield>
          </datafield>
          <datafield tag="082" ind1="0" ind2="0">
            <subfield code="a">823/.914</subfield>
            <subfield code="2">23</subfield>
          </datafield>
          <datafield tag="084" ind1=" " ind2=" ">
            <subfield code="a">FIC025000</subfield>
            <subfield code="a">FIC027000</subfield>
            <subfield code="a">FIC019000</subfield>
            <subfield code="2">bisacsh</subfield>
          </datafield>
          <datafield tag="100" ind1="1" ind2=" ">
            <subfield code="a">Taylor, Elizabeth,</subfield>
            <subfield code="d">1912-1975,</subfield>
            <subfield code="e">author.</subfield>
          </datafield>
          <datafield tag="245" ind1="1" ind2="2">
            <subfield code="a">A view of the harbour /</subfield>
            <subfield code="c">Elizabeth Taylor ; introduction by Roxana Robinson.</subfield>
          </datafield>
          <datafield tag="264" ind1=" " ind2="1">
            <subfield code="a">New York :</subfield>
            <subfield code="b">New York Review Books,</subfield>
            <subfield code="c">2015.</subfield>
          </datafield>
          <datafield tag="264" ind1=" " ind2="4">
            <subfield code="c">©1947</subfield>
          </datafield>
          <datafield tag="300" ind1=" " ind2=" ">
            <subfield code="a">xii, 312 pages ;</subfield>
            <subfield code="c">21 cm.</subfield>
          </datafield>
          <datafield tag="336" ind1=" " ind2=" ">
            <subfield code="a">text</subfield>
            <subfield code="b">txt</subfield>
            <subfield code="2">rdacontent</subfield>
          </datafield>
          <datafield tag="337" ind1=" " ind2=" ">
            <subfield code="a">unmediated</subfield>
            <subfield code="b">n</subfield>
            <subfield code="2">rdamedia</subfield>
          </datafield>
          <datafield tag="338" ind1=" " ind2=" ">
            <subfield code="a">volume</subfield>
            <subfield code="b">nc</subfield>
            <subfield code="2">rdacarrier</subfield>
          </datafield>
          <datafield tag="490" ind1="0" ind2=" ">
            <subfield code="a">New York Review Books Classics</subfield>
          </datafield>
          <datafield tag="520" ind1=" " ind2=" ">
            <subfield code="a">""Are we to go on until we are old, with just these odd moments here and there and danger always so narrowly evaded? Love draining away our vitality, our hold on life, never adding anything to us."     Blindness and betrayal are Elizabeth Taylor's great subjects, and in A View of the Harbour she turns her unsparing gaze on the emotional and sexual politics of a seedy seaside town that's been left behind by modernity. Tory, recently divorced, is having an affair with her neighbor Robert, a doctor, whose wife, Beth, is Tory's best friend. Beth notices nothing--an author of melodramatic novels, she is too busy with them to mind her house or its inhabitants--but her daughter Prudence knows what is up and is appalled. Gossip spreads in the little community, and Taylor's view widens to take in a range of characters from senile, snoopy Mrs. Bracey; to a young, widowed proprietor of the local waxworks, Lily Wilson; to the would-be artist Bertram. Taylor's novel is a beautifully observed and written examination of the fictions around which we construct our lives and manage our losses"--</subfield>
            <subfield code="c">Provided by publisher.</subfield>
          </datafield>
          <datafield tag="650" ind1=" " ind2="7">
            <subfield code="a">FICTION / Psychological.</subfield>
            <subfield code="2">bisacsh</subfield>
          </datafield>
          <datafield tag="650" ind1=" " ind2="7">
            <subfield code="a">FICTION / Romance / General.</subfield>
            <subfield code="2">bisacsh</subfield>
          </datafield>
          <datafield tag="650" ind1=" " ind2="7">
            <subfield code="a">FICTION / Literary.</subfield>
            <subfield code="2">bisacsh</subfield>
          </datafield>
          <datafield tag="776" ind1="0" ind2="8">
            <subfield code="i">Online version:</subfield>
            <subfield code="a">Taylor, Elizabeth, 1912-1975.</subfield>
            <subfield code="t">View of the harbour</subfield>
            <subfield code="d">New York : NYRB Classics, 2015</subfield>
            <subfield code="z">9781590178492</subfield>
            <subfield code="w">(DLC) 2014039747</subfield>
          </datafield>
          <datafield tag="856" ind1="4" ind2="2">
            <subfield code="3">Cover image</subfield>
            <subfield code="u">9781590178485.jpg</subfield>
          </datafield>
        </record>
      </zs:recordData>
      <zs:recordPosition>129</zs:recordPosition>
    </zs:record>