
    <zs:record>
      <zs:recordSchema/>
      <zs:recordPacking>xml</zs:recordPacking>
      <zs:recordData>
        <record xmlns="http://www.loc.gov/MARC21/slim">
          <leader>01719cam a22003494a 4500</leader>
          <controlfield tag="001">12730649</controlfield>
          <controlfield tag="005">20110323094700.0</controlfield>
          <controlfield tag="008">020404s2002    nyua          001 0aeng  </controlfield>
          <datafield tag="906" ind1=" " ind2=" ">
            <subfield code="a">7</subfield>
            <subfield code="b">cbc</subfield>
            <subfield code="c">orignew</subfield>
            <subfield code="d">1</subfield>
            <subfield code="e">ocip</subfield>
            <subfield code="f">20</subfield>
            <subfield code="g">y-gencatlg</subfield>
          </datafield>
          <datafield tag="925" ind1="0" ind2=" ">
            <subfield code="a">acquire</subfield>
            <subfield code="b">2 shelf copies</subfield>
            <subfield code="x">policy default</subfield>
          </datafield>
          <datafield tag="955" ind1=" " ind2=" ">
            <subfield code="a">pc17 2002-04-04 to HLCD; jh00 2002-04-08;</subfield>
            <subfield code="c">jh32 2002-04-09 to Subj.;</subfield>
            <subfield code="d">jh12 2002-04-10 /jh34 to SL</subfield>
            <subfield code="a">aa08 2002-04-11</subfield>
            <subfield code="a">ps09 2002-10-11 bk rec'd, to CIP ver.</subfield>
            <subfield code="f">pv08 2002-10-22 CIP ver. to BCCD</subfield>
            <subfield code="a">jk77 2003-02-25 c.2 to BCCD</subfield>
          </datafield>
          <datafield tag="010" ind1=" " ind2=" ">
            <subfield code="a">  2002066862</subfield>
          </datafield>
          <datafield tag="020" ind1=" " ind2=" ">
            <subfield code="a">0743236645</subfield>
          </datafield>
          <datafield tag="040" ind1=" " ind2=" ">
            <subfield code="a">DLC</subfield>
            <subfield code="c">DLC</subfield>
            <subfield code="d">DLC</subfield>
          </datafield>
          <datafield tag="042" ind1=" " ind2=" ">
            <subfield code="a">pcc</subfield>
          </datafield>
          <datafield tag="043" ind1=" " ind2=" ">
            <subfield code="a">n-us---</subfield>
          </datafield>
          <datafield tag="050" ind1="0" ind2="0">
            <subfield code="a">NK7303.T39</subfield>
            <subfield code="b">T39 2002</subfield>
          </datafield>
          <datafield tag="082" ind1="0" ind2="0">
            <subfield code="a">739.27/074/73</subfield>
            <subfield code="2">21</subfield>
          </datafield>
          <datafield tag="100" ind1="1" ind2=" ">
            <subfield code="a">Taylor, Elizabeth,</subfield>
            <subfield code="d">1932-2011.</subfield>
          </datafield>
          <datafield tag="245" ind1="1" ind2="0">
            <subfield code="a">Elizabeth Taylor :</subfield>
            <subfield code="b">my love affair with jewelry /</subfield>
            <subfield code="c">by Elizabeth Taylor ; edited by Ruth A. Peltason ; photographs by John Bigelow Taylor ; design by Takaaki Matsumoto.</subfield>
          </datafield>
          <datafield tag="260" ind1=" " ind2=" ">
            <subfield code="a">New York :</subfield>
            <subfield code="b">Simon &amp; Schuster,</subfield>
            <subfield code="c">c2002.</subfield>
          </datafield>
          <datafield tag="300" ind1=" " ind2=" ">
            <subfield code="a">239 p. :</subfield>
            <subfield code="b">ill. (some col.) ;</subfield>
            <subfield code="c">32 cm.</subfield>
          </datafield>
          <datafield tag="500" ind1=" " ind2=" ">
            <subfield code="a">Includes index.</subfield>
          </datafield>
          <datafield tag="600" ind1="1" ind2="0">
            <subfield code="a">Taylor, Elizabeth,</subfield>
            <subfield code="d">1932-2011</subfield>
            <subfield code="x">Art collections.</subfield>
          </datafield>
          <datafield tag="650" ind1=" " ind2="0">
            <subfield code="a">Jewelry</subfield>
            <subfield code="x">Private collections</subfield>
            <subfield code="z">United States.</subfield>
          </datafield>
          <datafield tag="600" ind1="1" ind2="0">
            <subfield code="a">Taylor, Elizabeth,</subfield>
            <subfield code="d">1932-2011</subfield>
            <subfield code="x">Relations with men.</subfield>
          </datafield>
          <datafield tag="700" ind1="1" ind2=" ">
            <subfield code="a">Peltason, Ruth A.</subfield>
          </datafield>
          <datafield tag="700" ind1="1" ind2=" ">
            <subfield code="a">Taylor, John Bigelow.</subfield>
          </datafield>
          <datafield tag="856" ind1="4" ind2="2">
            <subfield code="3">Contributor biographical information</subfield>
            <subfield code="u">http://www.loc.gov/catdir/bios/simon053/2002066862.html</subfield>
          </datafield>
          <datafield tag="856" ind1="4" ind2="2">
            <subfield code="3">Publisher description</subfield>
            <subfield code="u">http://www.loc.gov/catdir/description/simon034/2002066862.html</subfield>
          </datafield>
          <datafield tag="856" ind1="4" ind2="1">
            <subfield code="3">Table of contents only</subfield>
            <subfield code="u">http://www.loc.gov/catdir/enhancements/fy0645/2002066862-t.html</subfield>
          </datafield>
          <datafield tag="856" ind1="4" ind2="1">
            <subfield code="3">Sample text</subfield>
            <subfield code="u">http://www.loc.gov/catdir/enhancements/fy0901/2002066862-s.html</subfield>
          </datafield>
        </record>
      </zs:recordData>
      <zs:recordPosition>138</zs:recordPosition>
    </zs:record>