
    <zs:record>
      <zs:recordSchema/>
      <zs:recordPacking>xml</zs:recordPacking>
      <zs:recordData>
        <record xmlns="http://www.loc.gov/MARC21/slim">
          <leader>01682cam a2200325 a 4500</leader>
          <controlfield tag="001">12746260</controlfield>
          <controlfield tag="005">20110323094616.0</controlfield>
          <controlfield tag="008">020418r20021946nyua   j      000 0aeng  </controlfield>
          <datafield tag="906" ind1=" " ind2=" ">
            <subfield code="a">7</subfield>
            <subfield code="b">cbc</subfield>
            <subfield code="c">orignew</subfield>
            <subfield code="d">1</subfield>
            <subfield code="e">ocip</subfield>
            <subfield code="f">20</subfield>
            <subfield code="g">y-gencatlg</subfield>
          </datafield>
          <datafield tag="925" ind1="0" ind2=" ">
            <subfield code="a">acquire</subfield>
            <subfield code="b">2 shelf copies</subfield>
            <subfield code="x">policy default</subfield>
          </datafield>
          <datafield tag="955" ind1=" " ind2=" ">
            <subfield code="a">pc17 2002-04-18 to ASCD</subfield>
            <subfield code="c">jb14 2002-04-19</subfield>
            <subfield code="c">ld03 2002-04-29; to Child. Lit. for subj. 2002-04-29</subfield>
            <subfield code="d">lg22 2002-05-06</subfield>
            <subfield code="e">lg15 2002-05-07 to Children's Lit.</subfield>
            <subfield code="a">aa03 2002-05-07</subfield>
            <subfield code="a">ps16 2003-01-27 1 copy rec'd., to CIP ver.</subfield>
            <subfield code="f">lb05 2003-02-03</subfield>
            <subfield code="g">lb05 2003-02-03 to BCCD</subfield>
            <subfield code="a">la30 2003-03-28 (copy 2) to BCCD</subfield>
          </datafield>
          <datafield tag="010" ind1=" " ind2=" ">
            <subfield code="a">  2002066985</subfield>
          </datafield>
          <datafield tag="020" ind1=" " ind2=" ">
            <subfield code="a">0689853343</subfield>
          </datafield>
          <datafield tag="040" ind1=" " ind2=" ">
            <subfield code="a">DLC</subfield>
            <subfield code="c">DLC</subfield>
            <subfield code="d">DLC</subfield>
          </datafield>
          <datafield tag="042" ind1=" " ind2=" ">
            <subfield code="a">lcac</subfield>
          </datafield>
          <datafield tag="050" ind1="0" ind2="0">
            <subfield code="a">PN2287.T18</subfield>
            <subfield code="b">A3 2002</subfield>
          </datafield>
          <datafield tag="082" ind1="0" ind2="0">
            <subfield code="a">636.936/4</subfield>
            <subfield code="2">21</subfield>
          </datafield>
          <datafield tag="100" ind1="1" ind2=" ">
            <subfield code="a">Taylor, Elizabeth,</subfield>
            <subfield code="d">1932-2011.</subfield>
          </datafield>
          <datafield tag="240" ind1="1" ind2="0">
            <subfield code="a">Nibbles and me</subfield>
          </datafield>
          <datafield tag="245" ind1="1" ind2="0">
            <subfield code="a">Elizabeth Taylor's Nibbles and me /</subfield>
            <subfield code="c">written and illustrated by Elizabeth Taylor.</subfield>
          </datafield>
          <datafield tag="246" ind1="3" ind2="0">
            <subfield code="a">Nibbles and me</subfield>
          </datafield>
          <datafield tag="260" ind1=" " ind2=" ">
            <subfield code="a">New York :</subfield>
            <subfield code="b">Simon &amp; Schuster Books for Young Readers,</subfield>
            <subfield code="c">2002.</subfield>
          </datafield>
          <datafield tag="300" ind1=" " ind2=" ">
            <subfield code="a">80 p. :</subfield>
            <subfield code="b">ill. (some col.) ;</subfield>
            <subfield code="c">22 cm.</subfield>
          </datafield>
          <datafield tag="500" ind1=" " ind2=" ">
            <subfield code="a">Originally published: Nibbles and me. New York : Duell, Sloan, and Pearce, 1946.</subfield>
          </datafield>
          <datafield tag="600" ind1="1" ind2="0">
            <subfield code="a">Taylor, Elizabeth,</subfield>
            <subfield code="d">1932-2011</subfield>
            <subfield code="v">Juvenile literature.</subfield>
          </datafield>
          <datafield tag="650" ind1=" " ind2="0">
            <subfield code="a">Chipmunks as pets</subfield>
            <subfield code="v">Juvenile literature.</subfield>
          </datafield>
          <datafield tag="856" ind1="4" ind2="2">
            <subfield code="3">Contributor biographical information</subfield>
            <subfield code="u">http://www.loc.gov/catdir/bios/simon053/2002066985.html</subfield>
          </datafield>
          <datafield tag="856" ind1="4" ind2="2">
            <subfield code="3">Publisher description</subfield>
            <subfield code="u">http://www.loc.gov/catdir/description/simon034/2002066985.html</subfield>
          </datafield>
          <datafield tag="856" ind1="4" ind2="1">
            <subfield code="3">Sample text</subfield>
            <subfield code="u">http://www.loc.gov/catdir/enhancements/fy0645/2002066985-s.html</subfield>
          </datafield>
          <datafield tag="856" ind1="4" ind2="1">
            <subfield code="3">Table of contents only</subfield>
            <subfield code="u">http://www.loc.gov/catdir/enhancements/fy0645/2002066985-t.html</subfield>
          </datafield>
        </record>
      </zs:recordData>
      <zs:recordPosition>139</zs:recordPosition>
    </zs:record>