
    <zs:record>
      <zs:recordSchema/>
      <zs:recordPacking>xml</zs:recordPacking>
      <zs:recordData>
        <record xmlns="http://www.loc.gov/MARC21/slim">
          <leader>02304cam a22004218i 4500</leader>
          <controlfield tag="001">20761166</controlfield>
          <controlfield tag="005">20181203101222.0</controlfield>
          <controlfield tag="008">181127s2019    nyu      b    001 0 eng  </controlfield>
          <datafield tag="906" ind1=" " ind2=" ">
            <subfield code="a">7</subfield>
            <subfield code="b">cbc</subfield>
            <subfield code="c">orignew</subfield>
            <subfield code="d">1</subfield>
            <subfield code="e">ecip</subfield>
            <subfield code="f">20</subfield>
            <subfield code="g">y-gencatlg</subfield>
          </datafield>
          <datafield tag="925" ind1="0" ind2=" ">
            <subfield code="a">acquire</subfield>
            <subfield code="b">1 shelf copy</subfield>
            <subfield code="x">policy default</subfield>
          </datafield>
          <datafield tag="955" ind1=" " ind2=" ">
            <subfield code="d">xm08 2018-11-30</subfield>
            <subfield code="w">xm08 2018-11-30 (telework)</subfield>
          </datafield>
          <datafield tag="010" ind1=" " ind2=" ">
            <subfield code="a">  2018056694</subfield>
          </datafield>
          <datafield tag="020" ind1=" " ind2=" ">
            <subfield code="a">9781138054547 (hardback)</subfield>
          </datafield>
          <datafield tag="020" ind1=" " ind2=" ">
            <subfield code="a">9781138054554 (pbk.)</subfield>
          </datafield>
          <datafield tag="020" ind1=" " ind2=" ">
            <subfield code="z">9781315166674 (ebk.)</subfield>
          </datafield>
          <datafield tag="035" ind1=" " ind2=" ">
            <subfield code="a">(DNLM)101738006</subfield>
          </datafield>
          <datafield tag="040" ind1=" " ind2=" ">
            <subfield code="a">DNLM/DLC</subfield>
            <subfield code="e">rda</subfield>
            <subfield code="c">DLC</subfield>
          </datafield>
          <datafield tag="042" ind1=" " ind2=" ">
            <subfield code="a">pcc</subfield>
          </datafield>
          <datafield tag="050" ind1="0" ind2="0">
            <subfield code="a">RC480.5</subfield>
          </datafield>
          <datafield tag="060" ind1="1" ind2="0">
            <subfield code="a">WS 350.2</subfield>
          </datafield>
          <datafield tag="082" ind1="0" ind2="0">
            <subfield code="a">616.89/14</subfield>
            <subfield code="2">23</subfield>
          </datafield>
          <datafield tag="100" ind1="1" ind2=" ">
            <subfield code="a">Taylor, Elizabeth,</subfield>
            <subfield code="d">1970-</subfield>
            <subfield code="e">author.</subfield>
          </datafield>
          <datafield tag="245" ind1="1" ind2="0">
            <subfield code="a">Solution-focused therapy with children and adolescents :</subfield>
            <subfield code="b">creative and play-based approaches /</subfield>
            <subfield code="c">Elizabeth R. Taylor.</subfield>
          </datafield>
          <datafield tag="263" ind1=" " ind2=" ">
            <subfield code="a">1904</subfield>
          </datafield>
          <datafield tag="264" ind1=" " ind2="1">
            <subfield code="a">New York, NY :</subfield>
            <subfield code="b">Routledge,</subfield>
            <subfield code="c">2019.</subfield>
          </datafield>
          <datafield tag="300" ind1=" " ind2=" ">
            <subfield code="a">p. ;</subfield>
            <subfield code="c">cm.</subfield>
          </datafield>
          <datafield tag="336" ind1=" " ind2=" ">
            <subfield code="a">text</subfield>
            <subfield code="2">rdacontent</subfield>
          </datafield>
          <datafield tag="337" ind1=" " ind2=" ">
            <subfield code="a">unmediated</subfield>
            <subfield code="2">rdamedia</subfield>
          </datafield>
          <datafield tag="338" ind1=" " ind2=" ">
            <subfield code="a">volume</subfield>
            <subfield code="2">rdacarrier</subfield>
          </datafield>
          <datafield tag="504" ind1=" " ind2=" ">
            <subfield code="a">Includes bibliographical references and index.</subfield>
          </datafield>
          <datafield tag="505" ind1="0" ind2=" ">
            <subfield code="a">Strength-based approaches / Elizabeth R. Taylor -- Creative and playful approaches / Elizabeth R. Taylor, Amanda Allison -- Client considerations / Elizabeth R. Taylor -- Solutions-focused therapy and integration with creative and tangible approaches / Elizabeth R. Taylor -- Motivating the client / Elizabeth R. Taylor -- Beginnings / Elizabeth R. Taylor, Amanda Allison, Becky Southard -- Digging for treasure / Elizabeth R. Taylor, Amanda Allison, Becky Southard -- The miracle question and other goal-setting techniques / Elizabeth R. Taylor, Amanda Allison, Becky Southard -- Ending the session / Elizabeth R. Taylor -- Follow-up sessions / Elizabeth R. Taylor -- Solution-focused group approaches / Elizabeth R. Taylor, Amanda Allison, Becky Southard.</subfield>
          </datafield>
          <datafield tag="650" ind1="1" ind2="2">
            <subfield code="a">Psychotherapy, Brief</subfield>
            <subfield code="x">methods</subfield>
          </datafield>
          <datafield tag="650" ind1="2" ind2="2">
            <subfield code="a">Sensory Art Therapies</subfield>
          </datafield>
          <datafield tag="650" ind1="2" ind2="2">
            <subfield code="a">Child</subfield>
          </datafield>
          <datafield tag="650" ind1="2" ind2="2">
            <subfield code="a">Adolescent</subfield>
          </datafield>
          <datafield tag="776" ind1="0" ind2="8">
            <subfield code="i">Online version:</subfield>
            <subfield code="a">Taylor, Elizabeth, 1970- author.</subfield>
            <subfield code="t">Solution-focused therapy with children and adolescents</subfield>
            <subfield code="d">New York, NY : Routledge, 2019</subfield>
            <subfield code="z">9781315166674</subfield>
            <subfield code="w">(DLC) 2018057585</subfield>
          </datafield>
          <datafield tag="963" ind1=" " ind2=" ">
            <subfield code="a">Olivia Powers; phone: 212-216-7829; email: olivia.powers@informa.com; bc: olivia.powers@informa.com</subfield>
          </datafield>
          <datafield tag="985" ind1=" " ind2=" ">
            <subfield code="a">NLMCIP</subfield>
            <subfield code="d">2018-11-30</subfield>
          </datafield>
        </record>
      </zs:recordData>
      <zs:recordPosition>141</zs:recordPosition>
    </zs:record>