
    <zs:record>
      <zs:recordSchema/>
      <zs:recordPacking>xml</zs:recordPacking>
      <zs:recordData>
        <record xmlns="http://www.loc.gov/MARC21/slim">
          <leader>00850cam a2200253 a 4500</leader>
          <controlfield tag="001">3352488</controlfield>
          <controlfield tag="005">20141105103502.0</controlfield>
          <controlfield tag="008">861017s1987    nyu           000 1 eng  </controlfield>
          <datafield tag="906" ind1=" " ind2=" ">
            <subfield code="a">7</subfield>
            <subfield code="b">cbc</subfield>
            <subfield code="c">orignew</subfield>
            <subfield code="d">1</subfield>
            <subfield code="e">ocip</subfield>
            <subfield code="f">19</subfield>
            <subfield code="g">y-gencatlg</subfield>
          </datafield>
          <datafield tag="925" ind1="0" ind2=" ">
            <subfield code="a">acquire</subfield>
            <subfield code="b">1 shelf copy</subfield>
            <subfield code="x">policy default</subfield>
          </datafield>
          <datafield tag="010" ind1=" " ind2=" ">
            <subfield code="a">   86027946 </subfield>
          </datafield>
          <datafield tag="020" ind1=" " ind2=" ">
            <subfield code="a">0312001606 :</subfield>
            <subfield code="c">$15.95</subfield>
          </datafield>
          <datafield tag="035" ind1=" " ind2=" ">
            <subfield code="9">(DLC)   86027946</subfield>
          </datafield>
          <datafield tag="040" ind1=" " ind2=" ">
            <subfield code="a">DLC</subfield>
            <subfield code="c">DLC</subfield>
            <subfield code="d">DLC</subfield>
            <subfield code="d">OCoLC</subfield>
          </datafield>
          <datafield tag="050" ind1="0" ind2="0">
            <subfield code="a">PS3570.A9286</subfield>
            <subfield code="b">M8 1987</subfield>
          </datafield>
          <datafield tag="082" ind1="0" ind2="0">
            <subfield code="a">813/.54</subfield>
            <subfield code="2">19</subfield>
          </datafield>
          <datafield tag="100" ind1="1" ind2=" ">
            <subfield code="a">Taylor, Elizabeth Atwood.</subfield>
          </datafield>
          <datafield tag="245" ind1="1" ind2="0">
            <subfield code="a">Murder at Vassar /</subfield>
            <subfield code="c">Elizabeth Atwood Taylor.</subfield>
          </datafield>
          <datafield tag="250" ind1=" " ind2=" ">
            <subfield code="a">1st ed.</subfield>
          </datafield>
          <datafield tag="260" ind1=" " ind2=" ">
            <subfield code="a">New York :</subfield>
            <subfield code="b">St. Martin's Press,</subfield>
            <subfield code="c">c1987.</subfield>
          </datafield>
          <datafield tag="300" ind1=" " ind2=" ">
            <subfield code="a">257 p. ;</subfield>
            <subfield code="c">22 cm.</subfield>
          </datafield>
          <datafield tag="655" ind1=" " ind2="7">
            <subfield code="a">Detective and mystery stories.</subfield>
            <subfield code="2">gsafd</subfield>
          </datafield>
          <datafield tag="991" ind1=" " ind2=" ">
            <subfield code="b">c-GenColl</subfield>
            <subfield code="h">PS3570.A9286</subfield>
            <subfield code="i">M8 1987</subfield>
            <subfield code="t">Copy 1</subfield>
            <subfield code="w">BOOKS</subfield>
          </datafield>
          <datafield tag="991" ind1=" " ind2=" ">
            <subfield code="b">c-GenColl</subfield>
            <subfield code="h">PS3570.A9286</subfield>
            <subfield code="i">M8 1987</subfield>
            <subfield code="p">00004528438</subfield>
            <subfield code="t">Copy 2</subfield>
            <subfield code="w">CCF</subfield>
          </datafield>
        </record>
      </zs:recordData>
      <zs:recordPosition>147</zs:recordPosition>
    </zs:record>