
    <zs:record>
      <zs:recordSchema/>
      <zs:recordPacking>xml</zs:recordPacking>
      <zs:recordData>
        <record xmlns="http://www.loc.gov/MARC21/slim">
          <leader>05424cam a2200745 i 4500</leader>
          <controlfield tag="001">20438930</controlfield>
          <controlfield tag="005">20221018123935.0</controlfield>
          <controlfield tag="008">180410t20172017nyuabfj  b    001 0deng c</controlfield>
          <datafield tag="906" ind1=" " ind2=" ">
            <subfield code="a">7</subfield>
            <subfield code="b">cbc</subfield>
            <subfield code="c">pccadap</subfield>
            <subfield code="d">2</subfield>
            <subfield code="e">ncip</subfield>
            <subfield code="f">20</subfield>
            <subfield code="g">y-gencatlg</subfield>
          </datafield>
          <datafield tag="925" ind1="0" ind2=" ">
            <subfield code="a">acquire</subfield>
            <subfield code="b">2 shelf copies</subfield>
            <subfield code="x">Sel/rjc, 2022-10-18</subfield>
          </datafield>
          <datafield tag="955" ind1=" " ind2=" ">
            <subfield code="b">rn02 2018-04-10 z-processor to HMS</subfield>
            <subfield code="i">rf10 2018-04-14 (OT) to BCCD</subfield>
          </datafield>
          <datafield tag="010" ind1=" " ind2=" ">
            <subfield code="a">  2017276558</subfield>
          </datafield>
          <datafield tag="020" ind1=" " ind2=" ">
            <subfield code="a">9780062346094</subfield>
            <subfield code="q">(hardcover)</subfield>
          </datafield>
          <datafield tag="020" ind1=" " ind2=" ">
            <subfield code="a">0062346091</subfield>
            <subfield code="q">(hardcover)</subfield>
          </datafield>
          <datafield tag="035" ind1=" " ind2=" ">
            <subfield code="a">(OCoLC)ocn970397702</subfield>
          </datafield>
          <datafield tag="037" ind1=" " ind2=" ">
            <subfield code="b">Harpercollins, 53 Glenmaura National Blvd Ste 300, Moosaic, PA, USA, 18507-2132</subfield>
            <subfield code="n">SAN 200-2086</subfield>
          </datafield>
          <datafield tag="040" ind1=" " ind2=" ">
            <subfield code="a">CGP</subfield>
            <subfield code="b">eng</subfield>
            <subfield code="c">CGP</subfield>
            <subfield code="e">rda</subfield>
            <subfield code="d">IGA</subfield>
            <subfield code="d">OCLCF</subfield>
            <subfield code="d">UAB</subfield>
            <subfield code="d">BDX</subfield>
            <subfield code="d">YDX</subfield>
            <subfield code="d">WIM</subfield>
            <subfield code="d">GK8</subfield>
            <subfield code="d">OHI</subfield>
            <subfield code="d">TWP</subfield>
            <subfield code="d">OCL</subfield>
            <subfield code="d">VP@</subfield>
            <subfield code="d">SADPL</subfield>
            <subfield code="d">UVV</subfield>
            <subfield code="d">ADRWC</subfield>
            <subfield code="d">MOF</subfield>
            <subfield code="d">IBI</subfield>
            <subfield code="d">AL5CW</subfield>
            <subfield code="d">Z35</subfield>
            <subfield code="d">GUA</subfield>
            <subfield code="d">YOL</subfield>
            <subfield code="d">OCL</subfield>
            <subfield code="d">TXTLL</subfield>
            <subfield code="d">OCLCO</subfield>
            <subfield code="d">SFR</subfield>
            <subfield code="d">OBE</subfield>
            <subfield code="d">OCLCQ</subfield>
            <subfield code="d">RIU</subfield>
            <subfield code="d">OCL</subfield>
            <subfield code="d">OCLCO</subfield>
            <subfield code="d">OCLCQ</subfield>
            <subfield code="d">OCLCO</subfield>
            <subfield code="d">DLC</subfield>
          </datafield>
          <datafield tag="042" ind1=" " ind2=" ">
            <subfield code="a">pcc</subfield>
          </datafield>
          <datafield tag="043" ind1=" " ind2=" ">
            <subfield code="a">n-us-dc</subfield>
            <subfield code="a">n-us---</subfield>
          </datafield>
          <datafield tag="050" ind1="0" ind2="0">
            <subfield code="a">E185.93.D6</subfield>
            <subfield code="b">T39 2017</subfield>
          </datafield>
          <datafield tag="100" ind1="1" ind2=" ">
            <subfield code="a">Taylor, Elizabeth Dowling,</subfield>
            <subfield code="e">author.</subfield>
          </datafield>
          <datafield tag="245" ind1="1" ind2="4">
            <subfield code="a">The original Black elite :</subfield>
            <subfield code="b">Daniel Murray and the story of a forgotten era /</subfield>
            <subfield code="c">Elizabeth Dowling Taylor.</subfield>
          </datafield>
          <datafield tag="250" ind1=" " ind2=" ">
            <subfield code="a">First edition.</subfield>
          </datafield>
          <datafield tag="264" ind1=" " ind2="1">
            <subfield code="a">New York, NY :</subfield>
            <subfield code="b">Amistad, an imprint of HarperCollinsPublishers,</subfield>
            <subfield code="c">[2017]</subfield>
          </datafield>
          <datafield tag="264" ind1=" " ind2="4">
            <subfield code="c">©2017</subfield>
          </datafield>
          <datafield tag="300" ind1=" " ind2=" ">
            <subfield code="a">498 pages, 32 unnumbered pages of plates :</subfield>
            <subfield code="b">illustrations, map, genealogical table ;</subfield>
            <subfield code="c">24 cm</subfield>
          </datafield>
          <datafield tag="336" ind1=" " ind2=" ">
            <subfield code="a">text</subfield>
            <subfield code="b">txt</subfield>
            <subfield code="2">rdacontent</subfield>
          </datafield>
          <datafield tag="336" ind1=" " ind2=" ">
            <subfield code="a">still image</subfield>
            <subfield code="b">sti</subfield>
            <subfield code="2">rdacontent</subfield>
          </datafield>
          <datafield tag="337" ind1=" " ind2=" ">
            <subfield code="a">unmediated</subfield>
            <subfield code="b">n</subfield>
            <subfield code="2">rdamedia</subfield>
          </datafield>
          <datafield tag="338" ind1=" " ind2=" ">
            <subfield code="a">volume</subfield>
            <subfield code="b">nc</subfield>
            <subfield code="2">rdacarrier</subfield>
          </datafield>
          <datafield tag="504" ind1=" " ind2=" ">
            <subfield code="a">Includes bibliographical references (pages 421-464) and index.</subfield>
          </datafield>
          <datafield tag="505" ind1="0" ind2=" ">
            <subfield code="a">Prologue -- Up and coming -- The good wife -- The Black elite -- The good life -- The good citizen -- Activist couple -- Backsliding -- Confronting lost ground -- National Afro-American Council -- Black history pioneer -- Courting controversy -- Struggling -- Father and sons -- Disillusioned -- Life's work -- Ironic fruits -- New Negro/Old cit -- Epilogue.</subfield>
          </datafield>
          <datafield tag="520" ind1=" " ind2=" ">
            <subfield code="a">"In the wake of the Civil War, Daniel Murray, born free and educated in Baltimore, was in the vanguard of Washington, D.C.'s black upper class. Appointed Assistant Librarian at the Library of Congress, at a time when government appointments were the most prestigious positions available for blacks, Murray became wealthy through his business as a construction contractor and married a college-educated socialite. The Murray's social circles included some of the first African-American U.S. Senators and Congressmen, and their children went to the best colleges, Harvard and Cornell. Though Murray and other black elite of his time were primed to assimilate into the cultural fabric as Americans first and people of color second, their prospects were crushed by Jim Crow segregation and the capitulation to white supremacist groups by the government, which turned a blind eye to their unlawful, often murderous, acts. Elizabeth Dowling Taylor traces the rise, fall, and disillusionment of upper-class African Americans, revealing that they were a representation not of hypothetical achievement but what could be realized by African Americans through education and equal opportunities. As she makes clear, these well-educated and wealthy elite were living proof that African Americans did not lack ability to fully participate in the social contract as white supremacists claimed, making their subsequent fall when Reconstruction was prematurely abandoned all the more tragic"--Provided by publisher.</subfield>
          </datafield>
          <datafield tag="600" ind1="1" ind2="0">
            <subfield code="a">Murray, Daniel Alexander Payne,</subfield>
            <subfield code="d">1852-1925.</subfield>
          </datafield>
          <datafield tag="610" ind1="2" ind2="0">
            <subfield code="a">National Afro-American Council.</subfield>
          </datafield>
          <datafield tag="650" ind1=" " ind2="0">
            <subfield code="a">African Americans</subfield>
            <subfield code="z">Washington (D.C.)</subfield>
          </datafield>
          <datafield tag="650" ind1=" " ind2="0">
            <subfield code="a">African American librarians</subfield>
            <subfield code="v">Biography.</subfield>
          </datafield>
          <datafield tag="650" ind1=" " ind2="0">
            <subfield code="a">African American intellectuals</subfield>
            <subfield code="x">History</subfield>
            <subfield code="y">19th century.</subfield>
          </datafield>
          <datafield tag="650" ind1=" " ind2="0">
            <subfield code="a">African American intellectuals</subfield>
            <subfield code="x">History</subfield>
            <subfield code="y">20th century.</subfield>
          </datafield>
          <datafield tag="650" ind1=" " ind2="0">
            <subfield code="a">Upper class African Americans</subfield>
            <subfield code="x">History</subfield>
            <subfield code="y">19th century.</subfield>
          </datafield>
          <datafield tag="650" ind1=" " ind2="0">
            <subfield code="a">Upper class African Americans</subfield>
            <subfield code="x">History</subfield>
            <subfield code="y">20th century.</subfield>
          </datafield>
          <datafield tag="650" ind1=" " ind2="0">
            <subfield code="a">African American leadership</subfield>
            <subfield code="x">History.</subfield>
          </datafield>
          <datafield tag="650" ind1=" " ind2="0">
            <subfield code="a">African Americans</subfield>
            <subfield code="x">Social life and customs.</subfield>
          </datafield>
          <datafield tag="651" ind1=" " ind2="0">
            <subfield code="a">United States</subfield>
            <subfield code="x">Race relations</subfield>
            <subfield code="x">History.</subfield>
          </datafield>
          <datafield tag="650" ind1=" " ind2="0">
            <subfield code="a">African Americans</subfield>
            <subfield code="x">History</subfield>
            <subfield code="y">1877-1964.</subfield>
          </datafield>
          <datafield tag="650" ind1=" " ind2="1">
            <subfield code="a">African Americans</subfield>
            <subfield code="x">History</subfield>
            <subfield code="y">1877-1964.</subfield>
          </datafield>
          <datafield tag="650" ind1=" " ind2="7">
            <subfield code="a">BIOGRAPHY &amp; AUTOBIOGRAPHY</subfield>
            <subfield code="x">Cultural Heritage.</subfield>
            <subfield code="2">bisacsh</subfield>
          </datafield>
          <datafield tag="650" ind1=" " ind2="7">
            <subfield code="a">HISTORY</subfield>
            <subfield code="x">United States.</subfield>
            <subfield code="2">bisacsh</subfield>
          </datafield>
          <datafield tag="650" ind1=" " ind2="7">
            <subfield code="a">SOCIAL SCIENCE</subfield>
            <subfield code="x">Ethnic Studies</subfield>
            <subfield code="x">African American Studies.</subfield>
            <subfield code="2">bisacsh</subfield>
          </datafield>
          <datafield tag="600" ind1="1" ind2="7">
            <subfield code="a">Murray, Daniel Alexander Payne,</subfield>
            <subfield code="d">1852-1925.</subfield>
            <subfield code="2">fast</subfield>
            <subfield code="0">(OCoLC)fst00011558</subfield>
          </datafield>
          <datafield tag="610" ind1="2" ind2="7">
            <subfield code="a">National Afro-American Council.</subfield>
            <subfield code="2">fast</subfield>
            <subfield code="0">(OCoLC)fst01681305</subfield>
          </datafield>
          <datafield tag="651" ind1=" " ind2="7">
            <subfield code="a">Washington (D.C.)</subfield>
            <subfield code="2">fast</subfield>
            <subfield code="0">(OCoLC)fst01204505</subfield>
          </datafield>
          <datafield tag="650" ind1=" " ind2="7">
            <subfield code="a">African American intellectuals.</subfield>
            <subfield code="2">fast</subfield>
            <subfield code="0">(OCoLC)fst00799204</subfield>
          </datafield>
          <datafield tag="650" ind1=" " ind2="7">
            <subfield code="a">African American leadership.</subfield>
            <subfield code="2">fast</subfield>
            <subfield code="0">(OCoLC)fst00799219</subfield>
          </datafield>
          <datafield tag="650" ind1=" " ind2="7">
            <subfield code="a">African American librarians.</subfield>
            <subfield code="2">fast</subfield>
            <subfield code="0">(OCoLC)fst00799223</subfield>
          </datafield>
          <datafield tag="650" ind1=" " ind2="7">
            <subfield code="a">African Americans.</subfield>
            <subfield code="2">fast</subfield>
            <subfield code="0">(OCoLC)fst00799558</subfield>
          </datafield>
          <datafield tag="650" ind1=" " ind2="7">
            <subfield code="a">African Americans</subfield>
            <subfield code="x">Social life and customs.</subfield>
            <subfield code="2">fast</subfield>
            <subfield code="0">(OCoLC)fst00799703</subfield>
          </datafield>
          <datafield tag="650" ind1=" " ind2="7">
            <subfield code="a">Race relations.</subfield>
            <subfield code="2">fast</subfield>
            <subfield code="0">(OCoLC)fst01086509</subfield>
          </datafield>
          <datafield tag="650" ind1=" " ind2="7">
            <subfield code="a">Upper class African Americans.</subfield>
            <subfield code="2">fast</subfield>
            <subfield code="0">(OCoLC)fst01895757</subfield>
          </datafield>
          <datafield tag="651" ind1=" " ind2="7">
            <subfield code="a">United States.</subfield>
            <subfield code="2">fast</subfield>
            <subfield code="0">(OCoLC)fst01204155</subfield>
          </datafield>
          <datafield tag="648" ind1=" " ind2="7">
            <subfield code="a">1800-1999</subfield>
            <subfield code="2">fast</subfield>
          </datafield>
          <datafield tag="655" ind1=" " ind2="7">
            <subfield code="a">Biographies.</subfield>
            <subfield code="2">fast</subfield>
            <subfield code="0">(OCoLC)fst01919896</subfield>
          </datafield>
          <datafield tag="655" ind1=" " ind2="7">
            <subfield code="a">Biography.</subfield>
            <subfield code="2">fast</subfield>
            <subfield code="0">(OCoLC)fst01423686</subfield>
          </datafield>
          <datafield tag="655" ind1=" " ind2="7">
            <subfield code="a">History.</subfield>
            <subfield code="2">fast</subfield>
            <subfield code="0">(OCoLC)fst01411628</subfield>
          </datafield>
          <datafield tag="655" ind1=" " ind2="7">
            <subfield code="a">Biographies.</subfield>
            <subfield code="2">lcgft</subfield>
          </datafield>
        </record>
      </zs:recordData>
      <zs:recordPosition>150</zs:recordPosition>
    </zs:record>