
    <zs:record>
      <zs:recordSchema/>
      <zs:recordPacking>xml</zs:recordPacking>
      <zs:recordData>
        <record xmlns="http://www.loc.gov/MARC21/slim">
          <leader>01638cam a2200361 a 4500</leader>
          <controlfield tag="001">16803761</controlfield>
          <controlfield tag="005">20230727172356.0</controlfield>
          <controlfield tag="008">110601s2012    nyuab    b    001 0beng  </controlfield>
          <datafield tag="906" ind1=" " ind2=" ">
            <subfield code="a">7</subfield>
            <subfield code="b">cbc</subfield>
            <subfield code="c">orignew</subfield>
            <subfield code="d">1</subfield>
            <subfield code="e">ecip</subfield>
            <subfield code="f">20</subfield>
            <subfield code="g">y-gencatlg</subfield>
          </datafield>
          <datafield tag="925" ind1="0" ind2=" ">
            <subfield code="a">acquire</subfield>
            <subfield code="b">2 shelf copies</subfield>
            <subfield code="x">policy default</subfield>
          </datafield>
          <datafield tag="955" ind1=" " ind2=" ">
            <subfield code="b">rf04 2011-06-01</subfield>
            <subfield code="i">rf04 2011-06-01 to Dewey</subfield>
            <subfield code="w">rd14 2011-06-01;</subfield>
            <subfield code="a">rg06 2012-01-27 2 copies rec'd, to CIP ver.</subfield>
            <subfield code="f">rg06 2012-01-27 2 copies to CALM</subfield>
            <subfield code="t">rg06 2012-03-14 copy 3 to CALM</subfield>
          </datafield>
          <datafield tag="010" ind1=" " ind2=" ">
            <subfield code="a">  2011021111</subfield>
          </datafield>
          <datafield tag="020" ind1=" " ind2=" ">
            <subfield code="a">9780230108936</subfield>
          </datafield>
          <datafield tag="040" ind1=" " ind2=" ">
            <subfield code="a">DLC</subfield>
            <subfield code="c">DLC</subfield>
            <subfield code="d">DLC</subfield>
          </datafield>
          <datafield tag="042" ind1=" " ind2=" ">
            <subfield code="a">pcc</subfield>
          </datafield>
          <datafield tag="043" ind1=" " ind2=" ">
            <subfield code="a">n-us-dc</subfield>
            <subfield code="a">n-us-va</subfield>
            <subfield code="a">n-us---</subfield>
          </datafield>
          <datafield tag="050" ind1="0" ind2="0">
            <subfield code="a">E444.J46</subfield>
            <subfield code="b">T39 2012</subfield>
          </datafield>
          <datafield tag="082" ind1="0" ind2="0">
            <subfield code="a">326/.8092</subfield>
            <subfield code="a">B</subfield>
            <subfield code="2">23</subfield>
          </datafield>
          <datafield tag="100" ind1="1" ind2=" ">
            <subfield code="a">Taylor, Elizabeth Dowling.</subfield>
          </datafield>
          <datafield tag="245" ind1="1" ind2="2">
            <subfield code="a">A slave in the White House :</subfield>
            <subfield code="b">Paul Jennings and the Madisons /</subfield>
            <subfield code="c">Elizabeth Dowling Taylor with foreword by Annette Gordon-Reed.</subfield>
          </datafield>
          <datafield tag="250" ind1=" " ind2=" ">
            <subfield code="a">1st ed.</subfield>
          </datafield>
          <datafield tag="260" ind1=" " ind2=" ">
            <subfield code="a">New York :</subfield>
            <subfield code="b">Palgrave Macmillan,</subfield>
            <subfield code="c">2012.</subfield>
          </datafield>
          <datafield tag="300" ind1=" " ind2=" ">
            <subfield code="a">xxiii, 304 p. :</subfield>
            <subfield code="b">ill., map ;</subfield>
            <subfield code="c">25 cm.</subfield>
          </datafield>
          <datafield tag="504" ind1=" " ind2=" ">
            <subfield code="a">Includes bibliographical references (p. [287]-295) and index.</subfield>
          </datafield>
          <datafield tag="600" ind1="1" ind2="0">
            <subfield code="a">Jennings, Paul,</subfield>
            <subfield code="d">1799-1874.</subfield>
          </datafield>
          <datafield tag="650" ind1=" " ind2="0">
            <subfield code="a">Enslaved persons</subfield>
            <subfield code="z">Washington (D.C.)</subfield>
            <subfield code="v">Biography.</subfield>
          </datafield>
          <datafield tag="650" ind1=" " ind2="0">
            <subfield code="a">Enslaved persons</subfield>
            <subfield code="z">Virginia</subfield>
            <subfield code="v">Biography.</subfield>
          </datafield>
          <datafield tag="650" ind1=" " ind2="0">
            <subfield code="a">Abolitionists</subfield>
            <subfield code="z">United States</subfield>
            <subfield code="v">Biography.</subfield>
          </datafield>
          <datafield tag="650" ind1=" " ind2="0">
            <subfield code="a">African American abolitionists</subfield>
            <subfield code="v">Biography.</subfield>
          </datafield>
          <datafield tag="600" ind1="1" ind2="0">
            <subfield code="a">Madison, James,</subfield>
            <subfield code="d">1751-1836</subfield>
            <subfield code="x">Relations with African Americans.</subfield>
          </datafield>
          <datafield tag="600" ind1="1" ind2="0">
            <subfield code="a">Madison, Dolley,</subfield>
            <subfield code="d">1768-1849</subfield>
            <subfield code="x">Relations with African Americans.</subfield>
          </datafield>
          <datafield tag="610" ind1="2" ind2="0">
            <subfield code="a">White House (Washington, D.C.)</subfield>
            <subfield code="x">History</subfield>
            <subfield code="y">19th century.</subfield>
          </datafield>
          <datafield tag="856" ind1="4" ind2="2">
            <subfield code="3">Book review (H-Net)</subfield>
            <subfield code="u">http://www.h-net.org/reviews/showrev.php?id=35648</subfield>
          </datafield>
        </record>
      </zs:recordData>
      <zs:recordPosition>151</zs:recordPosition>
    </zs:record>