
    <zs:record>
      <zs:recordSchema/>
      <zs:recordPacking>xml</zs:recordPacking>
      <zs:recordData>
        <record xmlns="http://www.loc.gov/MARC21/slim">
          <leader>02798cam a22004458i 4500</leader>
          <controlfield tag="001">20797588</controlfield>
          <controlfield tag="005">20190329101025.0</controlfield>
          <controlfield tag="006">m    |o  d |      </controlfield>
          <controlfield tag="007">cr_|||||||||||</controlfield>
          <controlfield tag="008">190103s2019    nyu     ob    001 0 eng  </controlfield>
          <datafield tag="906" ind1=" " ind2=" ">
            <subfield code="a">7</subfield>
            <subfield code="b">rip</subfield>
            <subfield code="c">origcop</subfield>
            <subfield code="d">1</subfield>
            <subfield code="e">ecip</subfield>
            <subfield code="f">20</subfield>
            <subfield code="g">y-gencatlg</subfield>
          </datafield>
          <datafield tag="925" ind1="0" ind2=" ">
            <subfield code="a">undetermined</subfield>
            <subfield code="e">ecip book</subfield>
            <subfield code="x">policy default</subfield>
          </datafield>
          <datafield tag="955" ind1=" " ind2=" ">
            <subfield code="a">ecip ebook 2019-01-03</subfield>
          </datafield>
          <datafield tag="010" ind1=" " ind2=" ">
            <subfield code="a">  2019000070</subfield>
          </datafield>
          <datafield tag="020" ind1=" " ind2=" ">
            <subfield code="a">9780826178312 (eBook)</subfield>
          </datafield>
          <datafield tag="020" ind1=" " ind2=" ">
            <subfield code="z">9780826178268 (print : alk. paper)</subfield>
          </datafield>
          <datafield tag="040" ind1=" " ind2=" ">
            <subfield code="a">DLC</subfield>
            <subfield code="b">eng</subfield>
            <subfield code="e">rda</subfield>
            <subfield code="c">DLC</subfield>
            <subfield code="d">DLC</subfield>
          </datafield>
          <datafield tag="042" ind1=" " ind2=" ">
            <subfield code="a">pcc</subfield>
          </datafield>
          <datafield tag="050" ind1="1" ind2="0">
            <subfield code="a">RT41</subfield>
          </datafield>
          <datafield tag="060" ind1="1" ind2="0">
            <subfield code="a">WY 100.1</subfield>
          </datafield>
          <datafield tag="082" ind1="0" ind2="0">
            <subfield code="a">610.73</subfield>
            <subfield code="2">23</subfield>
          </datafield>
          <datafield tag="100" ind1="1" ind2=" ">
            <subfield code="a">Taylor, Elizabeth Johnston,</subfield>
            <subfield code="e">author.</subfield>
          </datafield>
          <datafield tag="245" ind1="1" ind2="0">
            <subfield code="a">Fast facts about religion for nurses :</subfield>
            <subfield code="b">implications for patient care /</subfield>
            <subfield code="c">Elizabeth Johnston Taylor.</subfield>
          </datafield>
          <datafield tag="263" ind1=" " ind2=" ">
            <subfield code="a">1904</subfield>
          </datafield>
          <datafield tag="264" ind1=" " ind2="1">
            <subfield code="a">New York, NY :</subfield>
            <subfield code="b">Springer Publishing Company, LLC,</subfield>
            <subfield code="c">2019.</subfield>
          </datafield>
          <datafield tag="300" ind1=" " ind2=" ">
            <subfield code="a">1 online resource.</subfield>
          </datafield>
          <datafield tag="336" ind1=" " ind2=" ">
            <subfield code="a">text</subfield>
            <subfield code="2">rdacontent</subfield>
          </datafield>
          <datafield tag="337" ind1=" " ind2=" ">
            <subfield code="a">computer</subfield>
            <subfield code="2">rdamedia</subfield>
          </datafield>
          <datafield tag="338" ind1=" " ind2=" ">
            <subfield code="a">online resource</subfield>
            <subfield code="2">rdacarrier</subfield>
          </datafield>
          <datafield tag="490" ind1="0" ind2=" ">
            <subfield code="a">Fast facts</subfield>
          </datafield>
          <datafield tag="504" ind1=" " ind2=" ">
            <subfield code="a">Includes bibliographical references and index.</subfield>
          </datafield>
          <datafield tag="505" ind1="0" ind2=" ">
            <subfield code="a">Supporting patient religiosity : who, what, where, and when -- Afro-Caribbean and traditional Yoruba religions -- Baha'i -- Buddhism -- Christianity : Anabaptist-descended denominations -- Christianity : Anglican and Episcopal -- Christianity : Baptist -- Christianity : historically Black denominations -- Christianity : Jehovah's Witness -- Christianity : Latter Day Saint -- Christianity : Lutheran -- Christianity : Methodist, Moravian, Wesleyan, and holiness denominations -- Christianity : Metropolitan Community Church -- Christianity : Orthodox -- Christianity : Pentecostal -- Christianity : Presbyterian and other reformed denominations -- Christianity : Quaker (Friends) -- Christianity : Restorationist -- Christianity : Roman and Eastern Catholic -- Christianity : Seventh-Day Adventist -- Christianity : unspecified -- Hinduism -- Islam -- Judaism : Conservative -- Judaism : Orthodox -- Judaism : Reformed -- Nation of Islam --  Nones  -- North American Indigenous religions -- Sikhism -- Traditional Chinese religions -- Zoroastrianism.</subfield>
          </datafield>
          <datafield tag="588" ind1=" " ind2=" ">
            <subfield code="a">Description based on print version record and CIP data provided by publisher; resource not viewed.</subfield>
          </datafield>
          <datafield tag="650" ind1="1" ind2="2">
            <subfield code="a">Nursing Care</subfield>
          </datafield>
          <datafield tag="650" ind1="1" ind2="2">
            <subfield code="a">Religion</subfield>
          </datafield>
          <datafield tag="650" ind1="2" ind2="2">
            <subfield code="a">Culturally Competent Care</subfield>
          </datafield>
          <datafield tag="650" ind1="2" ind2="2">
            <subfield code="a">Nurse-Patient Relations</subfield>
          </datafield>
          <datafield tag="776" ind1="0" ind2="8">
            <subfield code="i">Print version:</subfield>
            <subfield code="a">Taylor, Elizabeth Johnston, author.</subfield>
            <subfield code="t">Fast facts about religion for nurses</subfield>
            <subfield code="d">New York, NY : Springer Publishing Company, LLC, 2019</subfield>
            <subfield code="z">9780826178268</subfield>
            <subfield code="w">(DLC)  2018061399</subfield>
          </datafield>
          <datafield tag="952" ind1=" " ind2=" ">
            <subfield code="a">VERIFIER: check PT and class no. with piece in hand</subfield>
          </datafield>
          <datafield tag="963" ind1=" " ind2=" ">
            <subfield code="a">T. Jaishree; phone: +91-44 30754931; email: jaishree.thiyagarajan@amnet-systems.com; bc: jjay@springerpub.com</subfield>
          </datafield>
        </record>
      </zs:recordData>
      <zs:recordPosition>154</zs:recordPosition>
    </zs:record>