
    <zs:record>
      <zs:recordSchema/>
      <zs:recordPacking>xml</zs:recordPacking>
      <zs:recordData>
        <record xmlns="http://www.loc.gov/MARC21/slim">
          <leader>02229cam a22004814a 4500</leader>
          <controlfield tag="001">14611199</controlfield>
          <controlfield tag="005">20140612152619.0</controlfield>
          <controlfield tag="008">061025s2007    paua     b    001 0 eng  </controlfield>
          <datafield tag="906" ind1=" " ind2=" ">
            <subfield code="a">7</subfield>
            <subfield code="b">cbc</subfield>
            <subfield code="c">orignew</subfield>
            <subfield code="d">1</subfield>
            <subfield code="e">ecip</subfield>
            <subfield code="f">20</subfield>
            <subfield code="g">y-gencatlg</subfield>
          </datafield>
          <datafield tag="925" ind1="0" ind2=" ">
            <subfield code="a">acquire</subfield>
            <subfield code="b">1 shelf copy</subfield>
            <subfield code="x">policy default</subfield>
          </datafield>
          <datafield tag="925" ind1="1" ind2=" ">
            <subfield code="a">acquire</subfield>
            <subfield code="b">2 shelf copies</subfield>
            <subfield code="x">policy default</subfield>
          </datafield>
          <datafield tag="955" ind1=" " ind2=" ">
            <subfield code="d">jc18 2006-10-26</subfield>
            <subfield code="e">jc18 2006-10-26 to Dewey</subfield>
            <subfield code="a">aa27 2006-10-26</subfield>
            <subfield code="a">ps08 2007-08-07 1 copy rec'd., to CIP ver.</subfield>
            <subfield code="f">sc02 2007-08-31</subfield>
            <subfield code="a">se50 2008-04-29 Copy 2 w/accompanying DVD to SMCD</subfield>
            <subfield code="e">vk67 2008-05-23 book, copy 2, to BCCD; accompanying videorecording, c. 1, to MBRS</subfield>
            <subfield code="e">vk67 2009-03-18 book, c1, to BCCD (new label); videorecording, c2, to MBRS for processing</subfield>
            <subfield code="a">qm06 2010-08-12</subfield>
          </datafield>
          <datafield tag="010" ind1=" " ind2=" ">
            <subfield code="a">  2006035802</subfield>
          </datafield>
          <datafield tag="020" ind1=" " ind2=" ">
            <subfield code="a">9781599471174 (pbk. : alk. paper)</subfield>
          </datafield>
          <datafield tag="020" ind1=" " ind2=" ">
            <subfield code="a">1599471175 (pbk. : alk. paper)</subfield>
          </datafield>
          <datafield tag="035" ind1=" " ind2=" ">
            <subfield code="a">(DNLM)101290762</subfield>
          </datafield>
          <datafield tag="040" ind1=" " ind2=" ">
            <subfield code="a">DNLM/DLC</subfield>
            <subfield code="c">DLC</subfield>
            <subfield code="d">DLC</subfield>
          </datafield>
          <datafield tag="042" ind1=" " ind2=" ">
            <subfield code="a">pcc</subfield>
          </datafield>
          <datafield tag="050" ind1="0" ind2="0">
            <subfield code="a">R727.3</subfield>
            <subfield code="b">.T39 2007</subfield>
          </datafield>
          <datafield tag="060" ind1="1" ind2="0">
            <subfield code="a">WM 61</subfield>
            <subfield code="b">T239w 2007</subfield>
          </datafield>
          <datafield tag="082" ind1="0" ind2="0">
            <subfield code="a">610.69/6</subfield>
            <subfield code="2">22</subfield>
          </datafield>
          <datafield tag="100" ind1="1" ind2=" ">
            <subfield code="a">Taylor, Elizabeth Johnston.</subfield>
          </datafield>
          <datafield tag="245" ind1="1" ind2="0">
            <subfield code="a">What do I say? :</subfield>
            <subfield code="b">talking with patients about spirituality /</subfield>
            <subfield code="c">Elizabeth Johnston Taylor ; foreword by Christina Puchalski.</subfield>
          </datafield>
          <datafield tag="260" ind1=" " ind2=" ">
            <subfield code="a">Philadelphia :</subfield>
            <subfield code="b">Templeton Foundation Press,</subfield>
            <subfield code="c">c2007.</subfield>
          </datafield>
          <datafield tag="300" ind1=" " ind2=" ">
            <subfield code="a">xii, 151 p. :</subfield>
            <subfield code="b">ill. ;</subfield>
            <subfield code="c">26 cm. +</subfield>
            <subfield code="e">1 videodisc (DVD : sd., col. ; 4 3/4 in.)</subfield>
          </datafield>
          <datafield tag="504" ind1=" " ind2=" ">
            <subfield code="a">Includes bibliographical references (p. 139-151).</subfield>
          </datafield>
          <datafield tag="650" ind1=" " ind2="0">
            <subfield code="a">Medical personnel and patient.</subfield>
          </datafield>
          <datafield tag="650" ind1=" " ind2="0">
            <subfield code="a">Interpersonal communication.</subfield>
          </datafield>
          <datafield tag="650" ind1=" " ind2="0">
            <subfield code="a">Communication in medicine.</subfield>
          </datafield>
          <datafield tag="650" ind1=" " ind2="0">
            <subfield code="a">Medicine</subfield>
            <subfield code="x">Religious aspects.</subfield>
          </datafield>
          <datafield tag="650" ind1=" " ind2="0">
            <subfield code="a">Spiritual care (Medical care)</subfield>
          </datafield>
          <datafield tag="650" ind1=" " ind2="0">
            <subfield code="a">Spirituality</subfield>
            <subfield code="x">Health aspects.</subfield>
          </datafield>
          <datafield tag="650" ind1=" " ind2="0">
            <subfield code="a">Medical personnel</subfield>
            <subfield code="x">Religious life.</subfield>
          </datafield>
          <datafield tag="650" ind1=" " ind2="0">
            <subfield code="a">Patients</subfield>
            <subfield code="x">Religious life.</subfield>
          </datafield>
          <datafield tag="650" ind1=" " ind2="0">
            <subfield code="a">Spiritual healing.</subfield>
          </datafield>
          <datafield tag="650" ind1="1" ind2="2">
            <subfield code="a">Professional-Patient Relations.</subfield>
          </datafield>
          <datafield tag="650" ind1="1" ind2="2">
            <subfield code="a">Spirituality.</subfield>
          </datafield>
          <datafield tag="650" ind1="2" ind2="2">
            <subfield code="a">Communication.</subfield>
          </datafield>
          <datafield tag="650" ind1="2" ind2="2">
            <subfield code="a">Religion and Medicine.</subfield>
          </datafield>
          <datafield tag="856" ind1="4" ind2="1">
            <subfield code="3">Table of contents only</subfield>
            <subfield code="u">http://www.loc.gov/catdir/toc/ecip073/2006035802.html</subfield>
          </datafield>
          <datafield tag="856" ind1="4" ind2="2">
            <subfield code="3">Contributor biographical information</subfield>
            <subfield code="u">http://www.loc.gov/catdir/enhancements/fy0743/2006035802-b.html</subfield>
          </datafield>
          <datafield tag="952" ind1=" " ind2=" ">
            <subfield code="a">Includes supplemental DVD</subfield>
          </datafield>
          <datafield tag="985" ind1=" " ind2=" ">
            <subfield code="a">NLMCIP</subfield>
            <subfield code="d">2006-10-26</subfield>
          </datafield>
        </record>
      </zs:recordData>
      <zs:recordPosition>157</zs:recordPosition>
    </zs:record>