
    <zs:record>
      <zs:recordSchema/>
      <zs:recordPacking>xml</zs:recordPacking>
      <zs:recordData>
        <record xmlns="http://www.loc.gov/MARC21/slim">
          <leader>02451cam a2200493 i 4500</leader>
          <controlfield tag="001">18705919</controlfield>
          <controlfield tag="005">20160818120944.0</controlfield>
          <controlfield tag="008">150717s2016    scua          000 0 eng d</controlfield>
          <datafield tag="906" ind1=" " ind2=" ">
            <subfield code="a">7</subfield>
            <subfield code="b">cbc</subfield>
            <subfield code="c">copycat</subfield>
            <subfield code="d">2</subfield>
            <subfield code="e">epcn</subfield>
            <subfield code="f">20</subfield>
            <subfield code="g">y-gencatlg</subfield>
          </datafield>
          <datafield tag="925" ind1="0" ind2=" ">
            <subfield code="a">acquire</subfield>
            <subfield code="b">1 shelf copy</subfield>
            <subfield code="x">policy default</subfield>
          </datafield>
          <datafield tag="955" ind1=" " ind2=" ">
            <subfield code="b">rf07 2016-08-08 z-processor</subfield>
            <subfield code="c">rf07 2016-08-08 (OT) to HMS and add NAR</subfield>
            <subfield code="d">rf14 2016-08-17; new NAR done for author; copy 2 (00482133228) to discard; copy 1 to SL</subfield>
            <subfield code="e">rf07 2016-08-18 to Dewey</subfield>
          </datafield>
          <datafield tag="010" ind1=" " ind2=" ">
            <subfield code="a">  2015947050</subfield>
          </datafield>
          <datafield tag="020" ind1=" " ind2=" ">
            <subfield code="a">9781467115476 (pbk.)</subfield>
          </datafield>
          <datafield tag="020" ind1=" " ind2=" ">
            <subfield code="a">1467115479 (pbk.)</subfield>
          </datafield>
          <datafield tag="035" ind1=" " ind2=" ">
            <subfield code="a">(OCoLC)ocn936962524</subfield>
          </datafield>
          <datafield tag="040" ind1=" " ind2=" ">
            <subfield code="a">YDXCP</subfield>
            <subfield code="b">eng</subfield>
            <subfield code="c">YDXCP</subfield>
            <subfield code="e">rda</subfield>
            <subfield code="d">BDX</subfield>
            <subfield code="d">BTCTA</subfield>
            <subfield code="d">IMF</subfield>
            <subfield code="d">OCLCF</subfield>
            <subfield code="d">OCLCQ</subfield>
            <subfield code="d">DLC</subfield>
          </datafield>
          <datafield tag="042" ind1=" " ind2=" ">
            <subfield code="a">lccopycat</subfield>
          </datafield>
          <datafield tag="043" ind1=" " ind2=" ">
            <subfield code="a">n-us-tn</subfield>
          </datafield>
          <datafield tag="050" ind1="0" ind2="0">
            <subfield code="a">UA26.F623</subfield>
            <subfield code="b">T39 2016</subfield>
          </datafield>
          <datafield tag="082" ind1="0" ind2="4">
            <subfield code="a">976.802</subfield>
          </datafield>
          <datafield tag="100" ind1="1" ind2=" ">
            <subfield code="a">Taylor, Elizabeth</subfield>
            <subfield code="c">(Local historian),</subfield>
            <subfield code="e">author.</subfield>
          </datafield>
          <datafield tag="245" ind1="1" ind2="0">
            <subfield code="a">Camp Forrest /</subfield>
            <subfield code="c">Elizabeth Taylor.</subfield>
          </datafield>
          <datafield tag="264" ind1=" " ind2="1">
            <subfield code="a">Charleston, South Carolina :</subfield>
            <subfield code="b">Arcadia Publishing,</subfield>
            <subfield code="c">[2016]</subfield>
          </datafield>
          <datafield tag="300" ind1=" " ind2=" ">
            <subfield code="a">127 pages :</subfield>
            <subfield code="b">chiefly illustrations ;</subfield>
            <subfield code="c">24 cm.</subfield>
          </datafield>
          <datafield tag="336" ind1=" " ind2=" ">
            <subfield code="a">text</subfield>
            <subfield code="b">txt</subfield>
            <subfield code="2">rdacontent</subfield>
          </datafield>
          <datafield tag="337" ind1=" " ind2=" ">
            <subfield code="a">unmediated</subfield>
            <subfield code="b">n</subfield>
            <subfield code="2">rdamedia</subfield>
          </datafield>
          <datafield tag="338" ind1=" " ind2=" ">
            <subfield code="a">volume</subfield>
            <subfield code="b">nc</subfield>
            <subfield code="2">rdacarrier</subfield>
          </datafield>
          <datafield tag="490" ind1="1" ind2=" ">
            <subfield code="a">Images of America</subfield>
          </datafield>
          <datafield tag="505" ind1="0" ind2=" ">
            <subfield code="a">Camp Peay: a precursor to war -- Camp Forrest: preparation for war -- War machines: World War II weapons on the front -- Training for war: techniques for survival -- Tennessee maneuvers: practicing for war -- Visitation and celebration: downtime while waiting for war -- Tullahoma: the neighboring town -- POW's: the aftermath of war.</subfield>
          </datafield>
          <datafield tag="651" ind1=" " ind2="0">
            <subfield code="a">Camp Forrest (Tenn.)</subfield>
            <subfield code="x">History</subfield>
            <subfield code="v">Pictorial works.</subfield>
          </datafield>
          <datafield tag="650" ind1=" " ind2="0">
            <subfield code="a">Military training camps</subfield>
            <subfield code="z">Tennessee</subfield>
            <subfield code="z">Tullahoma</subfield>
            <subfield code="x">History</subfield>
            <subfield code="v">Pictorial works.</subfield>
          </datafield>
          <datafield tag="650" ind1=" " ind2="0">
            <subfield code="a">World War, 1939-1945</subfield>
            <subfield code="z">Tennessee</subfield>
            <subfield code="z">Tullahoma</subfield>
            <subfield code="v">Pictorial works.</subfield>
          </datafield>
          <datafield tag="650" ind1=" " ind2="0">
            <subfield code="a">Soldiers</subfield>
            <subfield code="z">Tennessee</subfield>
            <subfield code="z">Camp Forrest</subfield>
            <subfield code="x">History</subfield>
            <subfield code="v">Pictorial works.</subfield>
          </datafield>
          <datafield tag="651" ind1=" " ind2="0">
            <subfield code="a">Tullahoma (Tenn.)</subfield>
            <subfield code="x">History, Military</subfield>
            <subfield code="v">Pictorial works.</subfield>
          </datafield>
          <datafield tag="611" ind1="2" ind2="7">
            <subfield code="a">World War (1939-1945)</subfield>
            <subfield code="2">fast</subfield>
            <subfield code="0">(OCoLC)fst01180924</subfield>
          </datafield>
          <datafield tag="650" ind1=" " ind2="7">
            <subfield code="a">Concentration camps.</subfield>
            <subfield code="2">fast</subfield>
            <subfield code="0">(OCoLC)fst00872933</subfield>
          </datafield>
          <datafield tag="650" ind1=" " ind2="7">
            <subfield code="a">Military training camps.</subfield>
            <subfield code="2">fast</subfield>
            <subfield code="0">(OCoLC)fst01021543</subfield>
          </datafield>
          <datafield tag="651" ind1=" " ind2="7">
            <subfield code="a">Tennessee</subfield>
            <subfield code="z">Camp Forrest.</subfield>
            <subfield code="2">fast</subfield>
            <subfield code="0">(OCoLC)fst01889885</subfield>
          </datafield>
          <datafield tag="651" ind1=" " ind2="7">
            <subfield code="a">Tennessee</subfield>
            <subfield code="z">Tullahoma.</subfield>
            <subfield code="2">fast</subfield>
            <subfield code="0">(OCoLC)fst01204819</subfield>
          </datafield>
          <datafield tag="648" ind1=" " ind2="7">
            <subfield code="a">1939-1945</subfield>
            <subfield code="2">fast</subfield>
          </datafield>
          <datafield tag="655" ind1=" " ind2="7">
            <subfield code="a">History.</subfield>
            <subfield code="2">fast</subfield>
            <subfield code="0">(OCoLC)fst01411628</subfield>
          </datafield>
          <datafield tag="655" ind1=" " ind2="7">
            <subfield code="a">Military history.</subfield>
            <subfield code="2">fast</subfield>
            <subfield code="0">(OCoLC)fst01411630</subfield>
          </datafield>
          <datafield tag="655" ind1=" " ind2="7">
            <subfield code="a">Pictorial works.</subfield>
            <subfield code="2">fast</subfield>
            <subfield code="0">(OCoLC)fst01423874</subfield>
          </datafield>
          <datafield tag="830" ind1=" " ind2="0">
            <subfield code="a">Images of America.</subfield>
          </datafield>
        </record>
      </zs:recordData>
      <zs:recordPosition>158</zs:recordPosition>
    </zs:record>