
    <zs:record>
      <zs:recordSchema/>
      <zs:recordPacking>xml</zs:recordPacking>
      <zs:recordData>
        <record xmlns="http://www.loc.gov/MARC21/slim">
          <leader>02274cam a22003855i 4500</leader>
          <controlfield tag="001">22899951</controlfield>
          <controlfield tag="005">20240221154255.0</controlfield>
          <controlfield tag="008">221213s2022    wau    j      000 0 eng  </controlfield>
          <datafield tag="906" ind1=" " ind2=" ">
            <subfield code="a">0</subfield>
            <subfield code="b">ibc</subfield>
            <subfield code="c">orignew</subfield>
            <subfield code="d">3</subfield>
            <subfield code="e">epcn</subfield>
            <subfield code="f">20</subfield>
            <subfield code="g">y-gencatlg</subfield>
          </datafield>
          <datafield tag="925" ind1="0" ind2=" ">
            <subfield code="a">acquire</subfield>
            <subfield code="b">1 shelf copy</subfield>
            <subfield code="x">Sel/ddw, 2024-02-21</subfield>
          </datafield>
          <datafield tag="955" ind1=" " ind2=" ">
            <subfield code="b">xn19 2022-12-13</subfield>
          </datafield>
          <datafield tag="010" ind1=" " ind2=" ">
            <subfield code="a">  2022923193</subfield>
          </datafield>
          <datafield tag="020" ind1=" " ind2=" ">
            <subfield code="a">9798366276795</subfield>
            <subfield code="q">(paperback)</subfield>
          </datafield>
          <datafield tag="040" ind1=" " ind2=" ">
            <subfield code="a">DLC</subfield>
            <subfield code="b">eng</subfield>
            <subfield code="e">rda</subfield>
            <subfield code="c">DLC</subfield>
          </datafield>
          <datafield tag="042" ind1=" " ind2=" ">
            <subfield code="a">pcc</subfield>
          </datafield>
          <datafield tag="100" ind1="1" ind2=" ">
            <subfield code="a">Taylor, Elizabeth Spor,</subfield>
            <subfield code="e">author.</subfield>
          </datafield>
          <datafield tag="245" ind1="1" ind2="0">
            <subfield code="a">I help :</subfield>
            <subfield code="b">how to be an inclusive family in Tigrinya and English /</subfield>
            <subfield code="c">Elizabeth Spor Taylor, Yoseph Ayalew, Alex Regassa, Aklilu Dessalegn, Beth Crow, Caroline Kurtz, Jane Kurtz, Kenny Rasmussen, Mastewal Abera, Woubeshet Ayenew.</subfield>
          </datafield>
          <datafield tag="263" ind1=" " ind2=" ">
            <subfield code="a">2212</subfield>
          </datafield>
          <datafield tag="264" ind1=" " ind2="1">
            <subfield code="a">Seattle :</subfield>
            <subfield code="b">Ready Set Go Books,</subfield>
            <subfield code="c">2022.</subfield>
          </datafield>
          <datafield tag="300" ind1=" " ind2=" ">
            <subfield code="a">pages cm</subfield>
          </datafield>
          <datafield tag="336" ind1=" " ind2=" ">
            <subfield code="a">text</subfield>
            <subfield code="b">txt</subfield>
            <subfield code="2">rdacontent</subfield>
          </datafield>
          <datafield tag="337" ind1=" " ind2=" ">
            <subfield code="a">unmediated</subfield>
            <subfield code="b">n</subfield>
            <subfield code="2">rdamedia</subfield>
          </datafield>
          <datafield tag="338" ind1=" " ind2=" ">
            <subfield code="a">volume</subfield>
            <subfield code="b">nc</subfield>
            <subfield code="2">rdacarrier</subfield>
          </datafield>
          <datafield tag="520" ind1=" " ind2=" ">
            <subfield code="a">"In Ethiopia, families divide the work required to maintain the household. Drying out dung for cooking fires or insulation, preparing meals, tending livestock and caring for other family members are all important tasks. Every member of the family can help, and supportive families learn how to balance their skills and abilities to ensure that everything gets done. An inclusive family also ensures that each member feels valued and respected, with responsibilities and duties that match their skills, regardless of their differences. Take a peek into the daily life of an inclusive Ethiopian family with diverse skills in our colorful bilingual early reader. Bright illustrations bring the daily life of a visually impaired Ethiopian girl into focus as she goes about her day, and how she supports (and is supported by) the loved ones around her"--</subfield>
            <subfield code="c">Provided by publisher.</subfield>
          </datafield>
          <datafield tag="521" ind1=" " ind2=" ">
            <subfield code="a">Ages 6-7</subfield>
            <subfield code="b">Ready Set Go Books</subfield>
          </datafield>
          <datafield tag="521" ind1=" " ind2=" ">
            <subfield code="a">Grades K-1</subfield>
            <subfield code="b">Ready Set Go Books</subfield>
          </datafield>
          <datafield tag="700" ind1="1" ind2=" ">
            <subfield code="a">Ayalew, Yoseph,</subfield>
            <subfield code="e">author.</subfield>
          </datafield>
          <datafield tag="700" ind1="1" ind2=" ">
            <subfield code="a">Regassa, Alex,</subfield>
            <subfield code="e">illustrator.</subfield>
          </datafield>
          <datafield tag="700" ind1="1" ind2=" ">
            <subfield code="a">Dessalegn, Aklilu,</subfield>
            <subfield code="e">translator.</subfield>
          </datafield>
          <datafield tag="700" ind1="1" ind2=" ">
            <subfield code="a">Crow, Beth,</subfield>
            <subfield code="e">other.</subfield>
          </datafield>
          <datafield tag="700" ind1="1" ind2=" ">
            <subfield code="a">Kurtz, Caroline,</subfield>
            <subfield code="e">editor.</subfield>
          </datafield>
          <datafield tag="700" ind1="1" ind2=" ">
            <subfield code="a">Kurtz, Jane,</subfield>
            <subfield code="e">editor.</subfield>
          </datafield>
          <datafield tag="700" ind1="1" ind2=" ">
            <subfield code="a">Rasmussen, Kenny,</subfield>
            <subfield code="e">editor.</subfield>
          </datafield>
          <datafield tag="700" ind1="1" ind2=" ">
            <subfield code="a">Abera, Mastewal,</subfield>
            <subfield code="e">editor.</subfield>
          </datafield>
          <datafield tag="700" ind1="1" ind2=" ">
            <subfield code="a">Ayenew, Woubeshet,</subfield>
            <subfield code="e">editor.</subfield>
          </datafield>
        </record>
      </zs:recordData>
      <zs:recordPosition>168</zs:recordPosition>
    </zs:record>