
    <zs:record>
      <zs:recordSchema/>
      <zs:recordPacking>xml</zs:recordPacking>
      <zs:recordData>
        <record xmlns="http://www.loc.gov/MARC21/slim">
          <leader>02188cam a22003255i 4500</leader>
          <controlfield tag="001">22394520</controlfield>
          <controlfield tag="005">20240227134010.0</controlfield>
          <controlfield tag="008">220124s2022    wau    j      000 0 eng  </controlfield>
          <datafield tag="906" ind1=" " ind2=" ">
            <subfield code="a">0</subfield>
            <subfield code="b">ibc</subfield>
            <subfield code="c">orignew</subfield>
            <subfield code="d">2</subfield>
            <subfield code="e">epcn</subfield>
            <subfield code="f">20</subfield>
            <subfield code="g">y-gencatlg</subfield>
          </datafield>
          <datafield tag="925" ind1="0" ind2=" ">
            <subfield code="a">acquire</subfield>
            <subfield code="b">1 shelf copy</subfield>
            <subfield code="x">Sel/ddw, 2024-02-15</subfield>
          </datafield>
          <datafield tag="955" ind1=" " ind2=" ">
            <subfield code="b">xd06 2022-01-24</subfield>
            <subfield code="a">xn18 2024-02-27 1 copy rec'd., to USPRLL</subfield>
          </datafield>
          <datafield tag="010" ind1=" " ind2=" ">
            <subfield code="a">  2022901368</subfield>
          </datafield>
          <datafield tag="020" ind1=" " ind2=" ">
            <subfield code="a">9798407183679</subfield>
            <subfield code="q">(paperback)</subfield>
          </datafield>
          <datafield tag="040" ind1=" " ind2=" ">
            <subfield code="a">DLC</subfield>
            <subfield code="b">eng</subfield>
            <subfield code="e">rda</subfield>
            <subfield code="c">DLC</subfield>
          </datafield>
          <datafield tag="042" ind1=" " ind2=" ">
            <subfield code="a">pcc</subfield>
          </datafield>
          <datafield tag="100" ind1="1" ind2=" ">
            <subfield code="a">Taylor, Elizabeth Spor,</subfield>
            <subfield code="e">author.</subfield>
          </datafield>
          <datafield tag="245" ind1="1" ind2="0">
            <subfield code="a">Near the acacia tree :</subfield>
            <subfield code="b">karibu na Mti wa Mshita /</subfield>
            <subfield code="c">Elizabeth Spor Taylor.</subfield>
          </datafield>
          <datafield tag="264" ind1=" " ind2="1">
            <subfield code="a">Seattle :</subfield>
            <subfield code="b">Ready Set Go Books,</subfield>
            <subfield code="c">2022.</subfield>
          </datafield>
          <datafield tag="300" ind1=" " ind2=" ">
            <subfield code="a">pages cm</subfield>
          </datafield>
          <datafield tag="336" ind1=" " ind2=" ">
            <subfield code="a">text</subfield>
            <subfield code="b">txt</subfield>
            <subfield code="2">rdacontent</subfield>
          </datafield>
          <datafield tag="337" ind1=" " ind2=" ">
            <subfield code="a">unmediated</subfield>
            <subfield code="b">n</subfield>
            <subfield code="2">rdamedia</subfield>
          </datafield>
          <datafield tag="338" ind1=" " ind2=" ">
            <subfield code="a">volume</subfield>
            <subfield code="b">nc</subfield>
            <subfield code="2">rdacarrier</subfield>
          </datafield>
          <datafield tag="520" ind1=" " ind2=" ">
            <subfield code="a">"Acacia trees are important to many species of insects, animals, birds and people. In Ethiopia, Acacia trees thrive in the dry, sunny environment. Their branches are home to many different Ethiopian creatures, some of whom leave holes in the trees that cause them to "whistle" in the wind. Acacia trees can even "talk" to each other by releasing gasses to warn of predators, and they can defend themselves with their thorns or by filling their leaves with poison. Acacia trees draw so many different kinds of creatures to their shade and nourishment that they are like gathering places for animals, birds and bugs. Side by side text in English and Ethiopian languages like Amharic, Tigrinya and Afaan Oromo help readers learn the names of counting numbers and creatures like camels and stinging ants. Charming illustrations by the elementary students of Stepping Stones Montessori fill the pages of our newest #readysetgo title. Sales of every book go to support our mission to increase literacy in indigenous Ethiopian languages"--</subfield>
            <subfield code="c">Provided by publisher.</subfield>
          </datafield>
          <datafield tag="521" ind1=" " ind2=" ">
            <subfield code="a">Ages 6-7</subfield>
            <subfield code="b">Ready Set Go Books</subfield>
          </datafield>
          <datafield tag="521" ind1=" " ind2=" ">
            <subfield code="a">Grades K-1</subfield>
            <subfield code="b">Ready Set Go Books</subfield>
          </datafield>
          <datafield tag="700" ind1="1" ind2=" ">
            <subfield code="a">Kurtz, Caroline,</subfield>
            <subfield code="e">editor.</subfield>
          </datafield>
          <datafield tag="700" ind1="1" ind2=" ">
            <subfield code="a">Kurtz, Jane,</subfield>
            <subfield code="e">editor.</subfield>
          </datafield>
          <datafield tag="700" ind1="1" ind2=" ">
            <subfield code="a">Rasmussen, Kenny,</subfield>
            <subfield code="e">editor.</subfield>
          </datafield>
          <datafield tag="700" ind1="1" ind2=" ">
            <subfield code="a">Crow, Beth,</subfield>
            <subfield code="e">other.</subfield>
          </datafield>
          <datafield tag="710" ind1="2" ind2=" ">
            <subfield code="a">Stepping Stones Montessori (East Lansing, Michigan),</subfield>
            <subfield code="e">illustrator.</subfield>
          </datafield>
        </record>
      </zs:recordData>
      <zs:recordPosition>182</zs:recordPosition>
    </zs:record>